
@article{Lee1998,
  title = {Rapid {{Compression Machines}}: {{Heat Transfer}} and {{Suppression}} of {{Corner Vortex}}},
  volume = {114},
  doi = {10.1016/S0010-2180(97)00327-1},
  timestamp = {2014-12-29T20:23:00Z},
  issue = {3-4},
  journaltitle = {Combust. Flame},
  author = {Lee, Daeyup and Hochgreb, Simone},
  date = {1998-08},
  pages = {531--545}
}

@article{Burke2015a,
  title = {An Ignition Delay and Kinetic Modeling Study of Methane, Dimethyl Ether, and Their Mixtures at High Pressures},
  volume = {162},
  issn = {00102180},
  doi = {10.1016/j.combustflame.2014.08.014},
  timestamp = {2015-06-22T16:50:03Z},
  langid = {english},
  number = {2},
  journaltitle = {Combust. Flame},
  author = {Burke, Ultan and Somers, Kieran P. and O'Toole, Peter and Zinner, Chis M. and Marquet, Nicolas and Bourque, Gilles and Petersen, Eric L. and Metcalfe, Wayne K. and Serinyel, Zeynep and Curran, Henry J.},
  date = {2015-02},
  pages = {315--330}
}

@inproceedings{Weber2016a,
  title = {{{UConnRCMPy}}: {{Python}}-Based {{Data Analysis}} for {{Rapid Compression Machines}}},
  timestamp = {2016-09-06T13:58:49Z},
  booktitle = {Proceedings of the 15th {{Python}} in {{Science Conference}}},
  author = {Weber, Bryan William and Sung, Chih-Jen},
  editor = {Benthall, Sebastian and Rostrup, Scott},
  date = {2016},
  pages = {36--44}
}

@article{Mittal2007a,
  title = {A {{Rapid Compression Machine}} for {{Chemical Kinetics Studies}} at {{Elevated Pressures}} and {{Temperatures}}},
  volume = {179},
  doi = {10.1080/00102200600671898},
  timestamp = {2015-08-11T12:13:02Z},
  number = {3},
  journaltitle = {Combust. Sci. Technol.},
  author = {Mittal, Gaurav and Sung, Chih-Jen},
  date = {2007},
  pages = {497--530}
}

@article{Dames2016,
  title = {A Detailed Combined Experimental and Theoretical Study on Dimethyl Ether/Propane Blended Oxidation},
  volume = {168},
  issn = {00102180},
  doi = {10.1016/j.combustflame.2016.02.021},
  timestamp = {2016-05-20T19:21:00Z},
  langid = {english},
  journaltitle = {Combust. Flame},
  author = {Dames, Enoch E. and Rosen, Andrew S. and Weber, Bryan W. and Gao, Connie W. and Sung, Chih-Jen and Green, William H.},
  urldate = {2016-05-20},
  date = {2016-06},
  pages = {310--330}
}

@software{uconnrcmpy,
  title = {{{UConnRCMPy}}},
  url = {https://github.com/bryanwweber/UConnRCMPy},
  version = {3.0.0},
  timestamp = {2017-02-07T16:14:51Z},
  author = {Weber, Bryan William and Fang, Ruozhou and Sung, Chih-Jen},
  date = {2017-02},
  doi = {10.5281/zenodo.269678}
}

@article{Hindmarsh2005,
  title = {{{SUNDIALS}}: {{Suite}} of Nonlinear and Differential/Algebraic Equation Solvers},
  volume = {31},
  issn = {00983500},
  doi = {10.1145/1089014.1089020},
  shorttitle = {{{SUNDIALS}}},
  timestamp = {2015-08-10T17:28:46Z},
  langid = {english},
  number = {3},
  journaltitle = {ACM Trans. Math. Softw.},
  author = {Hindmarsh, Alan C. and Brown, Peter N. and Grant, Keith E. and Lee, Steven L. and Serban, Radu and Shumaker, Dan E. and Woodward, Carol S.},
  urldate = {2015-08-10},
  date = {2005-09-01},
  pages = {363--396}
}

@software{cantera,
  title = {Cantera: {{An Object}}-Oriented {{Software Toolkit}} for {{Chemical Kinetics}}, {{Thermodynamics}}, and {{Transport Processes}}},
  url = {http://www.cantera.org},
  version = {2.3.0},
  timestamp = {2017-02-07T16:20:16Z},
  author = {Goodwin, David G. and Moffat, Harry K. and Speth, Raymond L.},
  date = {2017},
  doi = {10.5281/zenodo.170284}
}

@book{Chapra2010,
  location = {{Boston}},
  edition = {6th ed},
  title = {Numerical Methods for Engineers},
  isbn = {978-0-07-340106-5 0-07-340106-4},
  pagetotal = {968},
  timestamp = {2017-02-08T22:00:48Z},
  publisher = {{McGraw-Hill Higher Education}},
  author = {Chapra, Steven C. and Canale, Raymond P.},
  date = {2010},
  keywords = {Data processing,Engineering mathematics,Microcomputers,Numerical calculations,Programming}
}

@article{Arcoumanis2008,
  title = {The Potential of Di-Methyl Ether ({{DME}}) as an Alternative Fuel for Compression-Ignition Engines: {{A}} Review},
  volume = {87},
  issn = {00162361},
  doi = {10.1016/j.fuel.2007.06.007},
  shorttitle = {The Potential of Di-Methyl Ether ({{DME}}) as an Alternative Fuel for Compression-Ignition Engines},
  timestamp = {2017-02-19T01:14:49Z},
  langid = {english},
  number = {7},
  journaltitle = {Fuel},
  author = {Arcoumanis, Constantine and Bae, Choongsik and Crookes, Roy and Kinoshita, Eiji},
  urldate = {2017-02-19},
  date = {2008-06},
  pages = {1014--1030}
}

@inproceedings{Teng2001,
  title = {Thermochemical {{Characteristics}} of {{Dimethyl Ether}} - {{An Alternative Fuel}} for {{Compression}}-{{Ignition Engines}}},
  doi = {10.4271/2001-01-0154},
  timestamp = {2017-02-19T01:16:13Z},
  author = {Teng, Ho and Mccandless, James C. and Schneyer, Jeffrey B.},
  urldate = {2017-02-19},
  date = {2001-03-05}
}

@article{Tang2012a,
  title = {Shock {{Tube Measurements}} and {{Kinetic Investigation}} on the {{Ignition Delay Times}} of {{Methane}}/{{Dimethyl Ether Mixtures}}},
  volume = {26},
  issn = {0887-0624, 1520-5029},
  doi = {10.1021/ef301339m},
  timestamp = {2017-02-19T15:45:44Z},
  langid = {english},
  number = {11},
  journaltitle = {Energy Fuels},
  author = {Tang, Chenglong and Wei, Liangjie and Zhang, Jiaxiang and Man, Xingjia and Huang, Zuohua},
  urldate = {2017-02-19},
  date = {2012-11},
  pages = {6720--6728}
}

@article{Chen2007a,
  title = {High Temperature Ignition and Combustion Enhancement by Dimethyl Ether Addition to Methaneâ€“air Mixtures},
  volume = {31},
  issn = {15407489},
  doi = {10.1016/j.proci.2006.07.177},
  timestamp = {2017-02-19T01:20:03Z},
  langid = {english},
  number = {1},
  journaltitle = {Proc. Combust. Inst.},
  author = {Chen, Zheng and Qin, Xiao and Ju, Yiguang and Zhao, Zhenwei and Chaos, Marcos and Dryer, Frederick L.},
  urldate = {2017-02-19},
  date = {2007-01},
  pages = {1215--1222}
}

@inproceedings{Siebers1987,
  title = {Autoignition of {{Methanol}} and {{Ethanol Sprays}} under {{Diesel Engine Conditions}}},
  doi = {10.4271/870588},
  timestamp = {2017-02-19T01:21:43Z},
  author = {Siebers, Dennis L. and Edwards, C. F.},
  urldate = {2017-02-19},
  date = {1987-02-01}
}

@article{Burke2016,
  title = {A Detailed Chemical Kinetic Modeling, Ignition Delay Time and Jet-Stirred Reactor Study of Methanol Oxidation},
  volume = {165},
  issn = {00102180},
  doi = {10.1016/j.combustflame.2015.11.004},
  timestamp = {2017-02-19T15:10:04Z},
  langid = {english},
  journaltitle = {Combust. Flame},
  author = {Burke, Ultan and Metcalfe, Wayne K. and Burke, Sinead M. and Heufer, K. Alexander and Dagaut, Philippe and Curran, Henry J.},
  urldate = {2017-02-19},
  date = {2016-03},
  pages = {125--136}
}


