
@article{Lee1998,
  title = {Rapid {{Compression Machines}}: {{Heat Transfer}} and {{Suppression}} of {{Corner Vortex}}},
  volume = {114},
  doi = {10.1016/S0010-2180(97)00327-1},
  timestamp = {2014-12-29T20:23:00Z},
  issue = {3-4},
  journaltitle = {Combust. Flame},
  author = {Lee, Daeyup and Hochgreb, Simone},
  date = {1998-08},
  pages = {531--545}
}

@book{Stephenson1987,
  location = {{New York}},
  title = {Handbook of the Thermodynamics of Organic Compounds},
  isbn = {978-0-444-01240-1},
  pagetotal = {552},
  timestamp = {2015-07-27T20:07:16Z},
  publisher = {{Elsevier}},
  author = {Stephenson, Richard Montgomery and Malanowski, Stanisław and Ambrose, D.},
  date = {1987},
  keywords = {_tablet_modified,Organic compounds,Tables,Thermodynamics}
}

@article{Weber2015,
  title = {On the Uncertainty of Temperature Estimation in a Rapid Compression Machine},
  volume = {162},
  doi = {10.1016/j.combustflame.2015.03.001},
  timestamp = {2015-05-06T09:53:34Z},
  number = {6},
  journaltitle = {Combust. Flame},
  author = {Weber, Bryan William and Sung, Chih-Jen and Renfro, Michael W.},
  date = {2015-06},
  pages = {2518--2528}
}

@inproceedings{Weber2016a,
  title = {{{UConnRCMPy}}: {{Python}}-Based {{Data Analysis}} for {{Rapid Compression Machines}}},
  timestamp = {2016-09-06T13:58:49Z},
  booktitle = {Proceedings of the 15th {{Python}} in {{Science Conference}}},
  author = {Weber, Bryan William and Sung, Chih-Jen},
  editor = {Benthall, Sebastian and Rostrup, Scott},
  date = {2016},
  pages = {36--44}
}

@article{vanGenderen2002,
  title = {Liquid–vapour Equilibria of the Methyl Esters of Alkanoic Acids: Vapour Pressures as a Function of Temperature and Standard Thermodynamic Function Changes},
  volume = {202},
  issn = {03783812},
  doi = {10.1016/S0378-3812(02)00097-3},
  shorttitle = {Liquid–vapour Equilibria of the Methyl Esters of Alkanoic Acids},
  timestamp = {2015-07-27T20:07:17Z},
  langid = {english},
  number = {1},
  journaltitle = {Fluid Phase Equilibria},
  author = {van Genderen, Aad C.G. and van Miltenburg, J.Cees and Blok, Jacobus G. and van Bommel, Mark J. and van Ekeren, Paul J. and van den Berg, Gerrit J.K. and Oonk, Harry A.J.},
  urldate = {2015-07-27},
  date = {2002-10},
  pages = {109--120},
  keywords = {_tablet_modified},
  options = {useprefix=true}
}

@article{Lai2011,
  title = {Biodiesel Combustion: {{Advances}} in Chemical Kinetic Modeling},
  volume = {37},
  doi = {10.1016/j.pecs.2010.03.001},
  timestamp = {2015-07-16T15:09:49Z},
  number = {1},
  journaltitle = {Prog. Energy Combust. Sci.},
  author = {Lai, Jason Y.W. and Lin, Kuang C. and Violi, Angela},
  date = {2011-02},
  pages = {1--14},
  keywords = {_tablet_modified}
}

@article{Walton2009,
  title = {An Experimental Investigation of Structural Effects on the Auto-Ignition Properties of Two {{C5}} Esters},
  volume = {32},
  doi = {10.1016/j.proci.2008.06.208},
  timestamp = {2015-07-07T14:42:53Z},
  number = {1},
  journaltitle = {Proc. Combust. Inst.},
  author = {Walton, Stephen Michael and Wooldridge, Margaret S. and Westbrook, Charles K.},
  date = {2009},
  pages = {255--262},
  keywords = {_tablet_modified,Biofuel,chemical reaction mechanism,ester,ignition,rapid compression facility}
}

@article{Hoekman2012,
  title = {Review of the Effects of Biodiesel on {{NOx}} Emissions},
  volume = {96},
  issn = {03783820},
  doi = {10.1016/j.fuproc.2011.12.036},
  timestamp = {2015-07-07T14:54:39Z},
  langid = {english},
  journaltitle = {Fuel Process. Technol.},
  author = {Hoekman, S. Kent and Robbins, Curtis},
  urldate = {2015-07-06},
  date = {2012-04},
  pages = {237--249},
  keywords = {_tablet_modified}
}

@article{Mittal2007a,
  title = {A {{Rapid Compression Machine}} for {{Chemical Kinetics Studies}} at {{Elevated Pressures}} and {{Temperatures}}},
  volume = {179},
  doi = {10.1080/00102200600671898},
  timestamp = {2015-08-11T12:13:02Z},
  number = {3},
  journaltitle = {Combust. Sci. Technol.},
  author = {Mittal, Gaurav and Sung, Chih-Jen},
  date = {2007},
  pages = {497--530}
}

@article{Verevkin2008,
  title = {Transpiration Method: {{Vapor}} Pressures and Enthalpies of Vaporization of Some Low-Boiling Esters},
  volume = {266},
  issn = {03783812},
  doi = {10.1016/j.fluid.2008.02.001},
  shorttitle = {Transpiration Method},
  timestamp = {2015-07-27T20:07:18Z},
  langid = {english},
  issue = {1-2},
  journaltitle = {Fluid Phase Equilibria},
  author = {Verevkin, Sergey P. and Emel’yanenko, Vladimir N.},
  urldate = {2015-07-27},
  date = {2008-04},
  pages = {64--75},
  keywords = {_tablet_modified}
}

@article{Dievart2013,
  title = {A Comparative Study of the Chemical Kinetic Characteristics of Small Methyl Esters in Diffusion Flame Extinction},
  volume = {34},
  issn = {15407489},
  doi = {10.1016/j.proci.2012.06.180},
  timestamp = {2015-07-16T15:09:17Z},
  langid = {english},
  number = {1},
  journaltitle = {Proc. Combust. Inst.},
  author = {Diévart, Pascal and Won, Sang Hee and Gong, Jing and Dooley, Stephen and Ju, Yiguang},
  date = {2013-01},
  pages = {821--829},
  keywords = {_tablet_modified}
}

@article{Hadj-Ali2009,
  title = {A Study of the Low Temperature Autoignition of Methyl Esters},
  volume = {32},
  doi = {10.1016/j.proci.2008.09.002},
  timestamp = {2015-07-06T12:05:21Z},
  number = {1},
  journaltitle = {Proc. Combust. Inst.},
  author = {Hadj-Ali, K. and Crochet, M. and Vanhove, G. and Ribaucour, Marc and Minetti, Rodolphe},
  date = {2009},
  pages = {239--246},
  note = {23},
  keywords = {_tablet_modified,fame,fatty acid methyl esters,low temperature autoignition,methyl esters,oxidation}
}

@article{Dames2016,
  title = {A Detailed Combined Experimental and Theoretical Study on Dimethyl Ether/Propane Blended Oxidation},
  volume = {168},
  issn = {00102180},
  doi = {10.1016/j.combustflame.2016.02.021},
  timestamp = {2016-05-20T19:21:00Z},
  langid = {english},
  journaltitle = {Combust. Flame},
  author = {Dames, Enoch E. and Rosen, Andrew S. and Weber, Bryan W. and Gao, Connie W. and Sung, Chih-Jen and Green, William H.},
  urldate = {2016-05-20},
  date = {2016-06},
  pages = {310--330}
}

@software{uconnrcmpy,
  title = {{{UConnRCMPy}}},
  url = {https://github.com/bryanwweber/UConnRCMPy/releases/tag/v2.1.0},
  version = {2.1.0},
  timestamp = {2016-05-31T16:14:51Z},
  author = {Weber, Bryan William and Sung, Chih-Jen},
  date = {2016-05},
}

@article{Ortega2003,
  title = {Isobaric {{Vapor}}−{{Liquid Equilibria}} and {{Excess Properties}} for the {{Binary Systems}} of {{Methyl Esters}} + {{Heptane}}},
  volume = {48},
  issn = {0021-9568, 1520-5134},
  doi = {10.1021/je030117d},
  timestamp = {2015-07-27T20:07:19Z},
  langid = {english},
  number = {5},
  journaltitle = {J. Chem. Eng. Data},
  author = {Ortega, Juan and Espiau, Fernando and Tojo, José and Canosa, José and Rodríguez, Ana},
  urldate = {2015-07-27},
  date = {2003-09},
  pages = {1183--1190},
  keywords = {_tablet_modified}
}

@article{Coniglio2013,
  title = {Combustion Chemical Kinetics of Biodiesel and Related Compounds (Methyl and Ethyl Esters): {{Experiments}} and Modeling – {{Advances}} and Future Refinements},
  volume = {39},
  issn = {03601285},
  doi = {10.1016/j.pecs.2013.03.002},
  shorttitle = {Combustion Chemical Kinetics of Biodiesel and Related Compounds (Methyl and Ethyl Esters)},
  timestamp = {2015-07-07T14:54:35Z},
  langid = {english},
  number = {4},
  journaltitle = {Prog. Energy Combust. Sci.},
  author = {Coniglio, L. and Bennadji, H. and Glaude, P.A. and Herbinet, O. and Billaud, F.},
  urldate = {2015-07-06},
  date = {2013-08},
  pages = {340--382},
  keywords = {_tablet_modified}
}

@article{Metcalfe2007,
  title = {Experimental and Modeling Study of {{C5H10O2}} Ethyl and Methyl Esters.},
  volume = {111},
  doi = {10.1021/jp067582c},
  timestamp = {2015-07-07T14:42:44Z},
  eprinttype = {pubmed},
  eprint = {17284020},
  number = {19},
  journaltitle = {J. Phys. Chem. A},
  author = {Metcalfe, Wayne K. and Dooley, Stephen and Curran, Henry J. and Simmie, John M. and El-Nahas, Ahmed M. and Navarro, Maria V},
  date = {2007-05},
  pages = {4001--4014},
  keywords = {_tablet_modified}
}

@article{Mittal2006,
  title = {Aerodynamics inside a Rapid Compression Machine},
  volume = {145},
  doi = {10.1016/j.combustflame.2005.10.019},
  timestamp = {2015-01-06T14:59:09Z},
  issue = {1-2},
  journaltitle = {Combust. Flame},
  author = {Mittal, Gaurav and Sung, Chih-Jen},
  date = {2006-04},
  pages = {160--180},
  keywords = {adiabatic core hypothesis,computational fluid dynamics,plif of acetone,rapid compression machine}
}

@article{Hindmarsh2005,
  title = {{{SUNDIALS}}: {{Suite}} of Nonlinear and Differential/Algebraic Equation Solvers},
  volume = {31},
  issn = {00983500},
  doi = {10.1145/1089014.1089020},
  shorttitle = {{{SUNDIALS}}},
  timestamp = {2015-08-10T17:28:46Z},
  langid = {english},
  number = {3},
  journaltitle = {ACM Trans. Math. Softw.},
  author = {Hindmarsh, Alan C. and Brown, Peter N. and Grant, Keith E. and Lee, Steven L. and Serban, Radu and Shumaker, Dan E. and Woodward, Carol S.},
  urldate = {2015-08-10},
  date = {2005-09-01},
  pages = {363--396}
}

@article{Hayes2009,
  title = {Exploring the Oxidative Decompositions of Methyl Esters: {{Methyl}} Butanoate and Methyl Pentanoate as Model Compounds for Biodiesel},
  volume = {32},
  doi = {10.1016/j.proci.2008.05.075},
  timestamp = {2015-07-06T12:05:37Z},
  number = {1},
  journaltitle = {Proc. Combust. Inst.},
  author = {Hayes, C. and Burgess, Donald R.},
  date = {2009},
  pages = {263--270},
  note = {26},
  keywords = {_tablet_modified,biodiesel,composite methods,dft,mechanism}
}

@article{Camacho2007,
  title = {{{Vapor}}−{{Liquid Equilibrium Data}} for the {{Binary Methyl Esters}} ({{Butyrate}}, {{Pentanoate}}, and {{Hexanoate}}) (1) + {{Propanenitrile}} (2) {{Systems}} at 93.32 {{kPa}}},
  volume = {52},
  issn = {0021-9568, 1520-5134},
  doi = {10.1021/je060469v},
  timestamp = {2015-07-27T20:07:20Z},
  langid = {english},
  number = {3},
  journaltitle = {J. Chem. Eng. Data},
  author = {Camacho, Alberto G. and Moll, Juan M. and Canzonieri, Salvador and Postigo, Miguel A.},
  urldate = {2015-07-27},
  date = {2007-05},
  pages = {871--875},
  keywords = {_tablet_modified}
}

@article{Akih-Kumgeh2011,
  title = {Structure-Reactivity Trends of {{C1}}–{{C4}} Alkanoic Acid Methyl Esters},
  volume = {158},
  doi = {10.1016/j.combustflame.2010.10.021},
  timestamp = {2014-12-29T20:31:49Z},
  number = {6},
  journaltitle = {Combust. Flame},
  author = {Akih-Kumgeh, Benjamin and Bergthorson, Jeffrey M.},
  date = {2011-06},
  pages = {1037--1048}
}

@software{cantera,
  title = {Cantera: {{An Object}}-Oriented {{Software Toolkit}} for {{Chemical Kinetics}}, {{Thermodynamics}}, and {{Transport Processes}}},
  url = {http://www.cantera.org},
  version = {2.2.1},
  timestamp = {2017-02-07T16:20:16Z},
  author = {Goodwin, David G. and Moffat, Harry K. and Speth, Raymond L.},
  date = {2016},
}

@article{Allen2012,
	title = {Automatic estimation of pressure-dependent rate coefficients.},
	volume = {14},
	issn = {1463-9076, 1463-9084},
	url = {http://xlink.rsc.org/?DOI=C1CP22765C},
	doi = {10.1039/c1cp22765c},
	pages = {1131--1155},
	number = {3},
	journaltitle = {Physical Chemistry Chemical Physics},
	author = {Allen, Joshua W. and Goldsmith, C. Franklin and Green, William H.},
	date = {2012-01},
	langid = {english},
	note = {bibtex: Allen2012},
	file = {Allen-et-al-2012-14-3-1131-1155.pdf:/home/bryan/.zotero/zotero/t7j9kfap.default/zotero/storage/ZJJPIUHK/Allen-et-al-2012-14-3-1131-1155.pdf:application/pdf}
}

@article{Dooley2008,
  title = {Autoignition Measurements and a Validated Kinetic Model for the Biodiesel Surrogate, Methyl Butanoate},
  volume = {153},
  doi = {10.1016/j.combustflame.2008.01.005},
  timestamp = {2015-07-06T12:04:33Z},
  issue = {1-2},
  journaltitle = {Combust. Flame},
  author = {Dooley, Stephen and Curran, Henry J. and Simmie, John M.},
  date = {2008-04},
  pages = {2--32},
  note = {16},
  keywords = {_tablet_modified,biodiesel,Biofuel,combustion,methyl butanoate,methyl ester,modeling,oxidation,rcm,shock tube}
}

@article{Fisher2000,
  title = {Detailed Chemical Kinetic Mechanisms for Combustion of Oxygenated Fuels},
  volume = {28},
  doi = {10.1016/S0082-0784(00)80555-X},
  timestamp = {2015-07-06T12:03:34Z},
  number = {2},
  journaltitle = {Proc. Combust. Inst.},
  author = {Fisher, E.M. and Pitz, William J. and Curran, Henry J. and Westbrook, Charles K.},
  date = {2000},
  pages = {1579--1586},
  note = {10},
  keywords = {_tablet_modified}
}

@article{Akih-Kumgeh2010,
  title = {Comparative {{Study}} of {{Methyl Butanoate}} and n -{{Heptane High Temperature Autoignition}}},
  volume = {24},
  doi = {10.1021/ef901489k},
  timestamp = {2014-12-29T20:30:23Z},
  number = {4},
  journaltitle = {Energy Fuels},
  author = {Akih-Kumgeh, Benjamin and Bergthorson, Jeffrey M.},
  date = {2010-04},
  pages = {2439--2448}
}

@article{Korobeinichev2015,
  title = {An {{Experimental}} and {{Kinetic Modeling Study}} of {{Premixed Laminar Flames}} of {{Methyl Pentanoate}} and {{Methyl Hexanoate}}},
  volume = {229},
  issn = {0942-9352, 2196-7156},
  doi = {10.1515/zpch-2014-0596},
  timestamp = {2015-07-16T15:09:35Z},
  number = {5},
  journaltitle = {Z. Für Phys. Chem.},
  author = {Korobeinichev, Oleg P. and Gerasimov, Ilya E. and Knyazkov, Denis A. and Shmakov, Andrey G. and Bolshova, Tatyana A. and Hansen, Nils and Westbrook, Charles K. and Dayma, Guillaume and Yang, Bin},
  urldate = {2015-07-06},
  date = {2015-01-28},
  keywords = {_tablet_modified}
}

@article{Dmitriev2015,
  title = {The Effect of Methyl Pentanoate Addition on the Structure of Premixed Fuel-Rich n-Heptane/Toluene Flame at Atmospheric Pressure},
  volume = {162},
  issn = {00102180},
  doi = {10.1016/j.combustflame.2014.12.015},
  timestamp = {2015-07-07T14:54:32Z},
  langid = {english},
  number = {5},
  journaltitle = {Combust. Flame},
  author = {Dmitriev, Artem M. and Knyazkov, Denis A. and Bolshova, Tatyana A. and Shmakov, Andrey G. and Korobeinichev, Oleg P.},
  urldate = {2015-07-06},
  date = {2015-05},
  pages = {1964--1975},
  keywords = {_tablet_modified}
}

@article{Kumar2016,
  title = {Autoignition of Methyl Butanoate under Engine Relevant Conditions},
  volume = {171},
  issn = {00102180},
  doi = {10.1016/j.combustflame.2016.04.011},
  timestamp = {2016-06-17T14:31:28Z},
  langid = {english},
  journaltitle = {Combust. Flame},
  author = {Kumar, Kamal and Sung, Chih-Jen},
  urldate = {2016-06-17},
  date = {2016-09},
  pages = {1--14}
}

@book{Chapra2010,
  location = {{Boston}},
  edition = {6th ed},
  title = {Numerical Methods for Engineers},
  isbn = {978-0-07-340106-5 0-07-340106-4},
  pagetotal = {968},
  timestamp = {2017-02-08T22:00:48Z},
  publisher = {{McGraw-Hill Higher Education}},
  author = {Chapra, Steven C. and Canale, Raymond P.},
  date = {2010},
  keywords = {Data processing,Engineering mathematics,Microcomputers,Numerical calculations,Programming}
}

@book{Jones2001,
  title = {{{SciPy}}: {{Open}} Source Scientific Tools for {{Python}}},
  url = {http://www.scipy.org/},
  abstract = {[Online; accessed 2016-05-19]
bibtex: Jones2001},
  timestamp = {2017-02-11T16:53:17Z},
  author = {Jones, Eric and Oliphant, Travis and Peterson, Pearu and {others}},
  date = {2001/}
}

@article{Gao2016a,
  title = {Reaction {{Mechanism Generator}}: {{Automatic}} Construction of Chemical Kinetic Mechanisms},
  volume = {203},
  issn = {00104655},
  doi = {10.1016/j.cpc.2016.02.013},
  shorttitle = {Reaction {{Mechanism Generator}}},
  timestamp = {2017-02-13T02:15:48Z},
  langid = {english},
  journaltitle = {Comput. Phys. Commun.},
  author = {Gao, Connie W. and Allen, Joshua W. and Green, William H. and West, Richard H.},
  urldate = {2017-02-13},
  date = {2016-06},
  pages = {212--225}
}
